<?xml version="1.0" encoding="UTF-8"?><collection xmlns="http://www.loc.gov/MARC21/slim"><record><leader>00414nam--2200157-i-4500</leader><controlfield tag="001">000010658</controlfield><controlfield tag="002">20161230</controlfield><controlfield tag="005">20170225195854</controlfield><controlfield tag="008">060222s1000------------r-----000-0-eng-d</controlfield><datafield ind1=" " ind2=" " tag="100"><subfield code="a">Butters, John N</subfield></datafield><datafield ind1=" " ind2=" " tag="245"><subfield code="a">Holography and its technology</subfield></datafield><datafield ind1=" " ind2=" " tag="260"><subfield code="a">Cambridge</subfield><subfield code="b">University Press</subfield><subfield code="c">1971</subfield></datafield><datafield ind1=" " ind2=" " tag="300"><subfield code="a">228 p</subfield></datafield><datafield ind1=" " ind2=" " tag="490"><subfield code="a">Iee Monograph Series 8</subfield></datafield><datafield ind1=" " ind2=" " tag="852"><subfield code="a">535:621.375.826:778.4</subfield></datafield><datafield ind1=" " ind2=" " tag="CAT"><subfield code="a">SYS</subfield><subfield code="c">20170225</subfield><subfield code="h">195854</subfield></datafield></record></collection>